@book{posixStandard2008,
  title={Standard for Information Technology: Portable Operating System Interface (POSIX) : Base Specifications},
  author={IEEE Computer Society. Portable Applications Standards Committee and Open Group (Reading, England) and Institute of Electrical and Electronics Engineers and IEEE-SA Standards Board},
  number={Issue 7},
  isbn={9780738182650},
  series={IEEE Std},
  year={2008}
}

@article{Bentley:1993:ESF:172704.172710,
 author = {Bentley, Jon L. and McIlroy, M. Douglas},
 title = {Engineering a Sort Function},
 journal = {Softw. Pract. Exper.},
 issue_date = {Nov. 1993},
 volume = {23},
 number = {11},
 month = nov,
 year = {1993},
 issn = {0038-0644},
 pages = {1249--1265},
 numpages = {17},
 url = {http://dx.doi.org/10.1002/spe.4380231105},
 doi = {10.1002/spe.4380231105},
 acmid = {172710},
 publisher = {John Wiley \& Sons, Inc.},
 address = {New York, NY, USA},
} 

@book{Parkinson58,
 author = {Cyril Northcote Parkinson},
 title = {Parkinson's Law, or the Pursuit of Progress},
 year = {1958},
 publisher = {John Murray},
 address = {London}
} 

@misc{bikeShed99,
  title = {The Bikeshed email},
  author = {Poul-Henning Kamp},
  note = {[Online; accessed September 12, 2016]},
  howpublished = {\url{http://phk.freebsd.dk/sagas/bikeshed.html}}
}

@misc{stackOverflowCasts,
  title = {Do I cast the result of malloc?},
  author = {Internet Goons},
  note = {[Online; accessed September 27, 2015]},
  howpublished = {\url{http://stackoverflow.com/questions/605845/do-i-cast-the-result-of-malloc}}
}

@misc{Dijkstra82,
  title = {Why numbering should start at zero},
  author = {Edsger W. Dijkstra},
  year = {1982},
  note = {[Online; accessed September 25, 2015]},
  howpublished = {\url{https://www.cs.utexas.edu/users/EWD/transcriptions/EWD08xx/EWD831.html}}
}

@misc{hopperBug11,
  title        = {Moth in the machine: Debugging the origins of `bug'},
  howpublished = {Computer World Magazine},
  month        = {September},
  year         = 2011,
  url            = {http://www.computerworld.com/article/2515435/app-development/moth-in-the-machine--debugging-the-origins-of--bug-.html},
}

@misc{stanislav83,
  author = {Long, Tony},
  title        = {The Man Who Saved the World by Doing ... Nothing},
  howpublished = {Wired},
  month        = {September},
  year         = 2007,
}

@misc{wikipediaListofBugs,
  title = {List of software bugs},
  year = {2015},
   note = "[Online; accessed 12-September-2015]",
   howpublished = {\url{https://en.wikipedia.org/wiki/List_of_software_bugs}},
}

@misc{javaCheckedExceptions,
  title = {Unchecked Exceptions --- The Controversy},
  year = {2015},
   note = "[Online; accessed 15-September-2015]",
   howpublished = {\url{https://docs.oracle.com/javase/tutorial/essential/exceptions/runtime.html}},
}


@misc{posixErrno,
  title = {errno.h: system error numbers - Base Definitions Reference},
  year = {2013},
   note = "[Online; accessed 13-September-2015]",
   howpublished = {\url{http://pubs.opengroup.org/onlinepubs/9699919799/basedefs/errno.h.html}},
}

@misc{hamiltonApollo11,
  title        = {{NASA} Honors Apollo Engineer},
  author = {Michael Braukus},
  howpublished = {NASA News},
  month        = {September},
  year         = 2003,
  url            = {http://www.nasa.gov/home/hqnews/2003/sep/HQ_03281_Hamilton_Honor.html},
}

@misc{JavaSE7,
  title = {Java Platform Standard Edition 7},
   year = {2015},
   note = "[Online; accessed 10-February-2015]",
   howpublished = {\url{http://docs.oracle.com/javase/7/docs/api/}},
}

@misc{ISOIEC9899,
  title = {{ISO/IEC 9899 - Programming Languages - C}},
  year = {2013},
  howpublished = {\url{http://www.open-std.org/JTC1/SC22/WG14/www/standards}}
}

@misc{mars1999,
  title = {Mars Climate Orbiter},
  year = {1999},
  note = "[Online; accessed 17-March-2015]",
  howpublished = {\url{http://mars.jpl.nasa.gov/msp98/orbiter/}}
}

@book{Kernighan:1974,
 author = {Kernighan, Brian W.},
 title = {Programming in C -- A Tutorial},
 howpublished = {\url{http://cm.bell-labs.com/cm/cs/who/dmr/ctut.pdf}},
 year = {1974},
 publisher = {Bell Laboratories},
 address = {Murray Hill, New Jersey}
} 

@book{Tate:2010:SLS:1951955,
 author = {Tate, Bruce A.},
 title = {Seven Languages in Seven Weeks: A Pragmatic Guide to Learning Programming Languages},
 year = {2010},
 isbn = {193435659X, 9781934356593},
 edition = {1st},
 publisher = {Pragmatic Bookshelf},
} 

@book{Kernighan:1988:CPL:576122,
 author = {Kernighan, Brian W.},
 editor = {Ritchie, Dennis M.},
 title = {The  C Programming Language},
 year = {1988},
 isbn = {0131103709},
 edition = {2nd},
 publisher = {Prentice Hall Professional Technical Reference},
} 

@book{WilkesWheelerGill1952,
  author = {{M. V. Wilkes, D. J. Wheeler and S. Gill}},
  title = {The preparation of programs for an electronic digital computer, with special reference to the EDSAC and the use of a library of subroutines},
  address = {Cambridge, Mass.},
  publisher = {Addison-Wesley Press},
  year = {1951},
}

@book{Adams1987,
 author = {Douglas Adams},
 title     = {Dirk Gently's Holistic Detective Agency},
 publisher = {Pocket Books},
 year      =  {1987},
 isbn      = {0-671-69267-4}
}

@inproceedings{Mccarthy62towardsa,
    author = {{John McCarthy}},
    title = {Towards a Mathematical Science of Computation},
    booktitle = {In IFIP Congress},
    year = {1962},
    pages = {21--28},
    publisher = {North-Holland}
}

@book{Heyting1930,
  author = {Arend Heyting},
  title = {Die formalen Regeln der intuitionistischen Logik},
  booktitle = {Sitzungsberichte der Preu{\ss}ischen Akademie der Wissenschaften. Physikalisch-mathematische, Klasse},
  address = {Berlin},
  year = {1930},
  note = {First use of the notation $\neg$ as a negation operator}
}

@incollection{GlossarWiki:Peano:1897a, 
   author = {Peano, Giuseppe}, 
   title = {{Studii de Logica Matematica}}, 
   booktitle = {{Atti della Reale Accademia delle scienze di Torino}}, 
   publisher = {Accademia delle Scienze di Torino}, 
   series = {Classe di Scienze Fisiche Matematiche e Naturali}, 
   volume = {32}, 
   pages = {565--583}, 
   year = {1897}, 
   month = Apr, 
   day = {4}, 
   address = {Torino}, 
   url = {https://archive.org/details/attidellarealeac32real}, 
   note = {}
 }
 
 @article{Russell1906,
   author = {Bertrand Russell},
   title = "The Theory of Implication",
   journal = {American Journal of Mathematics},
   volume = {28},
   pages = {159--202},
   year    = {1906}
 }
 
 @book{WhiteheadRussell1910,
      author        = "Whitehead, Alfred North and Russell, Bertrand Arthur
                       William",
      title         = "{Principia mathematica; vol. 1}",
      publisher     = "Cambridge Univ. Press",
      address       = "Cambridge",
      year          = "1910",
}

@book{Eckel:2005:TJ:1076545,
 author = {Eckel, Bruce},
 title = {Thinking in Java},
 year = {2005},
 edition = {4th},
 isbn = {0-13-187248-6},
 publisher = {Prentice Hall PTR},
 address = {Upper Saddle River, NJ, USA},
}   

@Book{P754:2008:ISF,
  author =       "{IEEE Task P754}",
  title =        "{IEEE 754-2008, Standard for Floating-Point
                 Arithmetic}",
  publisher =    pub-IEEE-STD,
  address =      pub-IEEE-STD:adr,
  pages =        "58",
  day =          "29",
  month =        aug,
  year =         "2008",
  DOI =          "http://dx.doi.org/10.1109/IEEESTD.2008.4610935",
  ISBN =         "0-7381-5753-8 (paper), 0-7381-5752-X (electronic)",
  ISBN-13 =      "978-0-7381-5753-5 (paper), 978-0-7381-5752-8
                 (electronic)",
  LCCN =         "????",
  bibdate =      "Thu Sep 25 09:50:30 2008",
  bibsource =    "http://www.math.utah.edu/pub/tex/bib/ieeestd.bib",
  URL =          "http://en.wikipedia.org/wiki/IEEE_754-2008;
                 http://ieeexplore.ieee.org/servlet/opac?punumber=4610933",
  abstract =     "This standard specifies interchange and arithmetic
                 formats and methods for binary and decimal
                 floating-point arithmetic in computer programming
                 environments. This standard specifies exception
                 conditions and their default handling. An
                 implementation of a floating-point system conforming to
                 this standard may be realized entirely in software,
                 entirely in hardware, or in any combination of software
                 and hardware. For operations specified in the normative
                 part of this standard, numerical results and exceptions
                 are uniquely determined by the values of the input
                 data, sequence of operations, and destination formats,
                 all under user control.",
  acknowledgement = ack-nhfb,
}

@Book{ISO:1988:IDE,
  author =       "{ISO}",
  title =        "{ISO 8601:1988. Data elements and interchange formats
                 --- Information interchange --- Representation of dates
                 and times}",
  publisher =    pub-ISO,
  address =      pub-ISO:adr,
  pages =        "14",
  year =         "1988",
  ISBN =         "????",
  ISBN-13 =      "????",
  LCCN =         "????",
  bibdate =      "Mon Apr 24 10:40:08 2000",
  bibsource =    "http://www.math.utah.edu/pub/tex/bib/isostd.bib",
  note =         "See also 1-page correction, ISO 8601:1988/Cor
                 1:1991.",
  price =        "CHF 68",
  URL =          "http://www.iso.ch/cate/d26780.html",
  acknowledgement = ack-nhfb,
}


@Book{IEC:1989:IBF,
  author =       "{IEC}",
  title =        "{IEC 60559 (1989-01)}: Binary floating-point
                 arithmetic for microprocessor systems",
  publisher =    pub-IEC,
  address =      pub-IEC:adr,
  pages =        "45",
  year =         "1989",
  bibdate =      "Mon Apr 24 06:17:57 2000",
  note =         "This Standard was formerly known as IEEE 754.",
  price =        "US\$86.00",
  URL =          "http://www.iec.ch/cgi-bin/procgi.pl/www/iecwww.p?wwwlang=E&wwwprog=cat-det.p&wartnum=019113",
  acknowledgement = ack-nhfb,
  annote =       "Working Draft, 1997-11-21, WG14/N794 J11/97-158 of the
                 ISO C9X Standard references ``Binary floating-point
                 arithmetic for microprocessor systems, second edition
                 (IEC 559:1993)''. However, I cannot locate that edition
                 at the IEC Web site. The 1997 renumbering of IEC
                 Standards by the addition of 60000 indicates that this
                 document should now be IED 60559:1993, but only the
                 1989 version is listed in the IEC catalog.",
}


%%%% Searching & Sorting

@misc{Bloch2006,
  author = {Bloch, Joshua},
  title = {Extra, Extra - Read All About It: Nearly All Binary Searches and Mergesorts are Broken},
  howpublished = {\url{http://googleresearch.blogspot.com/2006/06/extra-extra-read-all-about-it-nearly.html}},
  year = {2006},
}

@misc{Peters2002,
  author = {Tim Peters},
  title = {{[Python-Dev] Sorting}},
  howpublished = {Python-Dev mailing list, \url{https://mail.python.org/pipermail/python-dev/2002-July/026837.html}},
  month = {July},
  day = {20},
  year = {2002}
}

@inproceedings{Pattis:1988:TEB:52964.53012,
 author = {Pattis, Richard E.},
 title = {Textbook Errors in Binary Searching},
 booktitle = {Proceedings of the Nineteenth SIGCSE Technical Symposium on Computer Science Education},
 series = {SIGCSE '88},
 year = {1988},
 isbn = {0-89791-256-X},
 location = {Atlanta, Georgia, USA},
 pages = {190--194},
 numpages = {5},
 url = {http://doi.acm.org/10.1145/52964.53012},
 doi = {10.1145/52964.53012},
 acmid = {53012},
 publisher = {ACM},
 address = {New York, NY, USA},
} 

@article{Hoare:1961:AQ:366622.366644,
 author = {Hoare, C. A. R.},
 title = {Algorithm 64: Quicksort},
 journal = {Commun. ACM},
 issue_date = {July 1961},
 volume = {4},
 number = {7},
 month = jul,
 year = {1961},
 issn = {0001-0782},
 pages = {321--},
 url = {http://doi.acm.org/10.1145/366622.366644},
 doi = {10.1145/366622.366644},
 acmid = {366644},
 publisher = {ACM},
 address = {New York, NY, USA},
} 

@article{Quicksort,
  abstract = {A description is given of a new method of sorting in the random-access store of a computer. The method compares very favourably with other known methods in speed, in economy of storage, and in ease of programming. Certain refinements of the method, which may be useful in the optimization of inner loops, are described in the second part of the paper.
},
  added-at = {2011-07-08T13:05:01.000+0200},
  author = {Hoare, C. A. R.},
  biburl = {http://puma.uni-kassel.de/bibtex/2fa584e8539f5c8d6dbf7bd8cab4578d4/wla},
  description = {Quicksort -- Hoare 5 (1): 10 -- The Computer Journal},
  doi = {10.1093/comjnl/5.1.10},
  eprint = {http://comjnl.oxfordjournals.org/cgi/reprint/5/1/10.pdf},
  interhash = {90334d822bec08f9800dd538623e34f0},
  intrahash = {fa584e8539f5c8d6dbf7bd8cab4578d4},
  journal = {The Computer Journal},
  keywords = {algorithm kde quicksort seminar sorting},
  number = 1,
  pages = {10-16},
  timestamp = {2011-07-08T13:05:01.000+0200},
  title = {{Quicksort}},
  url = {http://comjnl.oxfordjournals.org/cgi/content/abstract/5/1/10},
  volume = 5,
  year = 1962
}

@misc{GAO:2013,
  author = {United States Government Accountability Office},
  title = {{COLLEGE TEXTBOOKS}: Students Have Greater Access to Textbook Information (GAO-13-368)},
  month = June,
  year = {2013},
  url = {\url{http://www.gao.gov/products/GAO-13-368}}
}

@article{Knuth:1970:VNF:356580.356581,
 author = {Knuth, Donald E.},
 title = {Von Neumann's First Computer Program},
 journal = {ACM Comput. Surv.},
 issue_date = {Dec. 1970},
 volume = {2},
 number = {4},
 month = dec,
 year = {1970},
 issn = {0360-0300},
 pages = {247--260},
 numpages = {14},
 url = {http://doi.acm.org/10.1145/356580.356581},
 doi = {10.1145/356580.356581},
 acmid = {356581},
 publisher = {ACM},
 address = {New York, NY, USA},
} 

@article{williams1964algorithm,
  added-at = {2012-06-22T08:17:04.000+0200},
  author = {Williams, J. W. J.},
  biburl = {http://www.bibsonomy.org/bibtex/2f485e4ea9a877871b59ab503151a7f10/bjoern},
  interhash = {88f7b4bad2300e0db2fab61c269e1f4e},
  intrahash = {f485e4ea9a877871b59ab503151a7f10},
  journal = {Communications of the ACM},
  keywords = {2012 heap kde seminar cited_in_sortpaper sorting},
  number = 6,
  pages = {347--348},
  timestamp = {2012-06-22T08:17:04.000+0200},
  title = {Algorithm 232: Heapsort},
  volume = 7,
  year = 1964
}


